<record><leader>00000cas a2200000 a 4500</leader><controlfield tag="001">24535233</controlfield><controlfield tag="008">911011c1uuu9999iluwr ne      0   a0eng c</controlfield><datafield ind1=" " ind2=" " tag="010"><subfield code="a">sn 91055322 </subfield></datafield><datafield ind1=" " ind2=" " tag="040"><subfield code="a">NVF</subfield><subfield code="b">eng</subfield><subfield code="c">NVF</subfield><subfield code="d">NVF</subfield><subfield code="d">OCLCQ</subfield><subfield code="d">OCLCF</subfield><subfield code="d">NVF</subfield><subfield code="d">OCLCO</subfield></datafield><datafield ind1="1" ind2=" " tag="029"><subfield code="a">AU@</subfield><subfield code="b">000020749546</subfield></datafield><datafield ind1=" " ind2=" " tag="042"><subfield code="a">pcc</subfield></datafield><datafield ind1=" " ind2=" " tag="043"><subfield code="a">n-us-il</subfield></datafield><datafield ind1="0" ind2=" " tag="130"><subfield code="a">Loda times (Loda, Ill. : 1911)</subfield></datafield><datafield ind1="1" ind2="0" tag="245"><subfield code="a">Loda times.</subfield></datafield><datafield ind1="1" ind2="7" tag="246"><subfield code="a">Record/times</subfield><subfield code="f">&lt;Jan. 3, 1996&gt;-</subfield></datafield><datafield ind1="3" ind2=" " tag="246"><subfield code="a">Record times</subfield></datafield><datafield ind1=" " ind2=" " tag="260"><subfield code="a">Loda, Iroquois County, Ill. :</subfield><subfield code="b">[publisher not identified]</subfield></datafield><datafield ind1="3" ind2=" " tag="260"><subfield code="3">Apr. 27, 1945-June 17, 1949, &lt;Jan. 3, 1996&gt;-</subfield><subfield code="a">Paxton, Ill. :</subfield><subfield code="b">[publisher not identified]</subfield></datafield><datafield ind1=" " ind2=" " tag="300"><subfield code="a">v.</subfield></datafield><datafield ind1=" " ind2=" " tag="310"><subfield code="a">Weekly</subfield></datafield><datafield ind1=" " ind2=" " tag="580"><subfield code="a">Other eds.: Paxton record (Paxton, Ill. : 1875), 1975-1992, and: Record (Paxton, Ill.), 1992-</subfield></datafield><datafield ind1=" " ind2=" " tag="588"><subfield code="a">Description based on: Vol. 33, no. 17 (Nov. 24, 1911) = whole no. 1817.</subfield></datafield><datafield ind1=" " ind2="0" tag="651"><subfield code="a">Loda (Ill.)</subfield><subfield code="v">Newspapers.</subfield></datafield><datafield ind1=" " ind2="0" tag="651"><subfield code="a">Paxton (Ill.)</subfield><subfield code="v">Newspapers.</subfield></datafield><datafield ind1=" " ind2="0" tag="651"><subfield code="a">Gibson City (Ill.)</subfield><subfield code="v">Newspapers.</subfield></datafield><datafield ind1=" " ind2="0" tag="651"><subfield code="a">Ford County (Ill.)</subfield><subfield code="v">Newspapers.</subfield></datafield><datafield ind1=" " ind2="7" tag="651"><subfield code="a">Illinois</subfield><subfield code="z">Ford County.</subfield><subfield code="2">fast</subfield><subfield code="0">(OCoLC)fst01215008</subfield></datafield><datafield ind1=" " ind2="7" tag="651"><subfield code="a">Illinois</subfield><subfield code="z">Gibson City.</subfield><subfield code="2">fast</subfield><subfield code="0">(OCoLC)fst01217740</subfield></datafield><datafield ind1=" " ind2="7" tag="651"><subfield code="a">Illinois</subfield><subfield code="z">Loda.</subfield><subfield code="2">fast</subfield><subfield code="0">(OCoLC)fst01234667</subfield></datafield><datafield ind1=" " ind2="7" tag="651"><subfield code="a">Illinois</subfield><subfield code="z">Paxton.</subfield><subfield code="2">fast</subfield><subfield code="0">(OCoLC)fst01226735</subfield></datafield><datafield ind1=" " ind2="7" tag="655"><subfield code="a">Newspapers.</subfield><subfield code="2">fast</subfield><subfield code="0">(OCoLC)fst01423814</subfield></datafield><datafield ind1=" " ind2=" " tag="752"><subfield code="a">United States</subfield><subfield code="b">Illinois</subfield><subfield code="c">Ford</subfield><subfield code="d">Paxton.</subfield></datafield><datafield ind1=" " ind2=" " tag="752"><subfield code="a">United States</subfield><subfield code="b">Illinois</subfield><subfield code="c">Iroquois</subfield><subfield code="d">Loda.</subfield></datafield><datafield ind1="1" ind2=" " tag="775"><subfield code="t">Paxton record (Paxton, Ill. : 1875)</subfield><subfield code="w">(DLC)sn 84038603</subfield><subfield code="w">(OCoLC)11358288</subfield></datafield><datafield ind1="1" ind2=" " tag="775"><subfield code="t">Record (Paxton, Ill.)</subfield><subfield code="w">(DLC)sn 96071023</subfield><subfield code="w">(OCoLC)35177379</subfield></datafield></record>